@book{barShalomEtAl04,
        title={Estimation with applications to tracking and navigation: theory algorithms and software},
        author={Bar-Shalom, Yaakov and Li, X Rong and Kirubarajan, Thiagalingam},
        year={2004},
        publisher={John Wiley \& Sons}
}
