
@ARTICLE(rapelaEtAl10,
    AUTHOR      = {Joaquin Rapela and Guidon Felsen and Jonathan Touryan and
Jerry M. Mendel and Norberto .M. Grzywacz},
    TITLE       = {e{PPR}: a new startegy for the characterization of sensory cells from input/output data},
    JOURNAL     = {Network: Computation in Neural Systems},
    VOLUME      = {21},
    NUMBER      = {1-2},   
    PAGES       = {35-90},
    YEAR        = {2010}
    )

@ARTICLE(paninski03,
    AUTHOR      = {L. Paninski},
    TITLE       = {Convergence properties of three spike-triggered analysis techniques},
    JOURNAL     = {Network: Computation in Neural Systems},
    VOLUME      = {14},
    PAGES       = {437-464},
    YEAR        = {2003}
    )

@ARTICLE(lewiEtAl09,
    AUTHOR      = {J. Lewi and R. Butera and L. Paninski},
    TITLE       = {Sequential optimal design of neurophysiology experiments},
    JOURNAL     = {Neural Computation},
    VOLUME      = {21},
    NUMBER      = {3},
    PAGES       = {619-687},
    YEAR        = {2009}
    )

@ARTICLE(weiss66,
    AUTHOR      = {T.T. Weiss},
    TITLE       = {A model of the peripheral auditory system},
    JOURNAL     = {Kybernetik},
    VOLUME      = {3},
    PAGES       = {153-175},
    YEAR        = {1966}
    )

@ARTICLE(spekreijse69,
    AUTHOR      = {H. Spekreijse},
    TITLE       = {Rectification in the goldfish retina: analysis by sinusoidal and auxiliary stimulation},
    JOURNAL     = {Vision Research},
    VOLUME      = {9},
    PAGES       = {1461-1472},
    YEAR        = {1969}
    )

@ARTICLE(spekreijseAndOosting70,
    AUTHOR      = {H. Spekreijse and J. Oosting},
    TITLE       = {Linearizing: a method for analyzing and synthesizing nonlinear systems.},
    JOURNAL     = {Kybernetik},
    VOLUME      = {7},
    PAGES       = {23-31},
    YEAR        = {1970}
    )

@ARTICLE(spekreijseAndReits82,
    AUTHOR      = {H. Spekreijse and D. Reits},
    TITLE       = {Sequential analysis of the visual evoked potential system in man: nonlinear analysis of a sandwich system},
    JOURNAL     = {Annals of the new York Academy of Science},
    VOLUME      = {388},
    PAGES       = {72-97},
    YEAR        = {1982}
    )

@ARTICLE(heeger92,
    AUTHOR      = {D.J. Heeger},
    TITLE       = {Normalization of cell responses in cat striate cortex},
    JOURNAL     = {Visual Neuroscience},
    VOLUME      = {9},
    PAGES       = {181-97},
    YEAR        = {1992}
    )

@ARTICLE(carandiniEtAl97,
    AUTHOR      = {M. Carandini and D.J. Heeger and J.A. Movshon},
    TITLE       = {Linearity and normalization in simple cells of the macaque primary visual cortex},
    JOURNAL     = {The Journal of Neuroscience},
    VOLUME      = {17},
    PAGES       = {8621-44},
    YEAR        = {1997}
    )

@ARTICLE(mcalpine05,
    AUTHOR      = {D. McAlpine},
    TITLE       = {Creating a sense of auditory space},
    JOURNAL     = {Journal of Physiology},
    VOLUME      = {566},
    PAGES       = {21-28},
    YEAR        = {2005}
    )

@ARTICLE(simoncelliAndHeeger98,
    AUTHOR      = {E.P. Simoncelli and D.J. Heeger},
    TITLE       = {A model of neuronal responses in visual cortex area {MT}},
    JOURNAL     = {Vision Research},
    VOLUME      = {38},
    PAGES       = {743-61},
    YEAR        = {1998}
    )

@ARTICLE(hartline38,
    AUTHOR      = {H.K. Hartline},
    TITLE       = {The response of single optic nerve fibers of the vertebrate eye to illumination of the retina},
    JOURNAL     = {The American Journal of Physiology},
    VOLUME      = {121},
    PAGES       = {400-15},
    YEAR        = {1938}
    )

@ARTICLE(hartline40,
    AUTHOR      = {H.K. Hartline},
    TITLE       = {The receptive fields of optic nerve fibers},
    JOURNAL     = {American physiological society},
    VOLUME      = {130},
    NUMBER      = {4},
    PAGES       = {690-9},
    YEAR        = {1940}
    )

@ARTICLE(gardner88,
    AUTHOR      = {E.P. Gardner},
    TITLE       = {Somatosensory cortical mechanism of feature detection in tactile and kinesthetic discrimination},
    JOURNAL     = {Candadian Journal of Physiology and Pharmacology},
    VOLUME      = {66},
    NUMBER      = {4},
    PAGES       = {439-54},
    YEAR        = {1988}
    )

@ARTICLE(skottunEtAl91,
    AUTHOR      = {B.C. Skottun and R.L. De Valois and D.H. Grosof and J.A. Movshon and D.G. Albrecht and A.B. Bonds},
    TITLE       = {Classifying simple and complex cells on the basis of response modulation},
    JOURNAL     = {Vision Research},
    VOLUME      = {31},
    PAGES       = {1079-86},
    YEAR        = {1991}
    )

@ARTICLE(deAngelisEtAl93a,
    AUTHOR      = {G.C. DeAngelis and I. Ohzawa and R.D. Freeman},
    TITLE       = {Spatiotemporal organization of simple-cell receptive fields in the cat's striate cortex {I}. {G}eneral characteristics and postnatal development},
    JOURNAL     = {The Journal of Neuroscience},
    VOLUME      = {69},
    PAGES       = {1091-1117},
    YEAR        = {1993}
    )

@ARTICLE(deAngelisEtAl93b,
    AUTHOR      = {G.C. DeAngelis and I. Ohzawa and R.D. Freeman},
    TITLE       = {Spatiotemporal organization of simple-cell receptive fields in the cat's striate cortex {II}. {L}inearity of temporal and spatial summation},
    JOURNAL     = {The Journal of Neuroscience},
    VOLUME      = {69},
    PAGES       = {1118-1135},
    YEAR        = {1993}
    )

@ARTICLE(deAngelisEtAl95,
    AUTHOR      = {G.C. DeAngelis and I. Ohzawa and R.D. Freeman},
    TITLE       = {Receptive-field dynamics in the central visual pathways},
    JOURNAL     = {Trends in Neurosciences},
    VOLUME      = {18},
    NUMBER      = {10},
    PAGES       = {451-458},
    YEAR        = {1995}
    )

@ARTICLE(rapelaEtAl06,
    AUTHOR      = {J. Rapela and J.M. Mendel and N.M. Grzywacz},
    TITLE       = {Estimating nonlinear receptive fields from natural images},
    JOURNAL     = {Journal of Vision},
    VOLUME      = {6},
    NUMBER      = {4},
    PAGES       = {441-474},
    YEAR        = {2006}
    )

@ARTICLE(felsenAndDan05,
    AUTHOR      = {G. Felsen and Y. Dan},
    TITLE       = {A natural approach to studying vision},
    JOURNAL     = {Nature neuroscience},
    VOLUME      = {8},
    NUMBER      = {12},
    PAGES       = {1643-1646},
    YEAR        = {2005}
    )

@ARTICLE(chenEtAl07,
    AUTHOR      = {X. Chen and F. Han and M. Poo and Y. Dan},
    TITLE       = {Excitatory and suppressive receptive field subunits in awake monkey primary visual cortex ({V1}).},
    JOURNAL     = {PNAS},
    VOLUME      = {104},
    NUMBER      = {48},
    PAGES       = {19120-19125},
    YEAR        = {2007}
    )

@ARTICLE(kuffler53,
    AUTHOR      = {S.W. Kuffler},
    TITLE       = {Discharge patterns and functional organization of mammalian
retina},
    JOURNAL     = {Journal of Neurophysiology},
    VOLUME      = {16},
    PAGES       = {37-68},
    YEAR        = {1953}
    )

@ARTICLE(hubelAndWiesel62,
    AUTHOR      = {D.H. Hubel and T.N. Wiesel},
    TITLE       = {Receptive fields, binocular interaction and functional architecture in the cat's visual cortex},
    JOURNAL     = {Journal of Physiology},
    VOLUME      = {160},
    PAGES       = {106-154},
    YEAR        = {1962}
    )

@ARTICLE(wangEtAl07,
    AUTHOR      = {X. Wang and Y. Wei and V. Vaingankar and Q. Wang and K. Koepsell and F.T. Sommer and J.A. Hirsch},
    TITLE       = {Feedforward excitation and inhibition evoke dual modes of firing in the cat's visual thalamus during naturalistic viewing},
    JOURNAL     = {Neuron},
    VOLUME      = {55},
    NUMBER      = {3},
    PAGES       = {465-478},
    YEAR        = {2007}
    )

@ARTICLE(pillowEtAl08,
    AUTHOR      = {J.W. Pillow and J. Shlens and L. Paninski and A. Sher and A.M. Litke and E.J. Chichilnisky and E.P. Simoncelli},
    TITLE       = {Spatio-temporal correlations and visual signalling in a complete neuronal population},
    JOURNAL     = {Nature},
    VOLUME      = {454},
    NUMBER      = {7207},
    PAGES       = {995-999},
    YEAR        = {2008}
    )

@ARTICLE(pillowEtAl05,
    AUTHOR      = {J.W. Pillow and L. Paninski and V.J. Uzzell and E.P. Simoncelli and E.J. Chichilnisky},
    TITLE       = {Prediction and Decoding of Retinal Ganglion Cell Responses with a Probabilistic Spiking Model},
    JOURNAL     = {The Journal of Neuroscience},
    VOLUME      = {25},
    PAGES       = {11003-11013},
    YEAR        = {2005}
    )

@ARTICLE(wuEtAl06,
    AUTHOR      = {M.C. Wu and S.V. David and J.L. Gallant},
    TITLE       = {Complete functional characterization of sensory neurons by system identification},
    JOURNAL     = {Annual Review of Neuroscience},
    VOLUME      = {29},
    PAGES       = {477-505},
    YEAR        = {2006}
    )

@ARTICLE(manteEtAl08,
    AUTHOR      = {V. Mante and V. Bonin and M. Carandini},
    TITLE       = {Functional mechanisms shaping lateral geniculate responses to artificial and natural stimuli},
    JOURNAL     = {Neuron},
    VOLUME      = {58},
    NUMBER      = {4},
    PAGES       = {625-638},
    YEAR        = {2008}
    )

@ARTICLE(rustAndMovshon05,
    AUTHOR      = {N.C. Rust and J.A. Movshon},
    TITLE       = {In praise of artifice},
    JOURNAL     = {Nature neuroscience},
    VOLUME      = {8},
    NUMBER      = {12},
    PAGES       = {1647-1650},
    YEAR        = {2005}
    )

@ARTICLE(jonesEtAl87,
    AUTHOR      = {J.P. Jones and A. Stepnoski and L.A. Palmer},
    TITLE       = {The two-dimensional spectral structure of simple receptive-fields in cat striate cortex},
    JOURNAL     = {Journal of Neurophysiology},
    VOLUME      = {58},
    NUMBER      = {6},
    PAGES       = {1212-1232},
    YEAR        = {1987}
    )

@ARTICLE(aertsenAndJohannesma81,
    AUTHOR      = {A.M. Aersten and P.I. Johannesma},
    TITLE       = {The spectro-temporal receptive field. A functional characteristic of auditory neruons.},
    JOURNAL     = {Biological Cybernetics},
    VOLUME      = {42},
    NUMBER      = {2},
    PAGES       = {133-43},
    YEAR        = {1981}
    )

@ARTICLE(liberman82,
    AUTHOR      = {M.C. Liberman},
    TITLE       = {The cochlear frequency map for the cat: labeling auditory-nerve fibers of known characteristic frequency},
    JOURNAL     = {Jounal of the acustical society of {A}merica},
    VOLUME      = {72},
    PAGES       = {1441-9},
    YEAR        = {1982}
    )

@ARTICLE(barlow53,
    AUTHOR      = {H.B. Barlow},
    TITLE       = {Summation and inhibition in the frog's retina},
    JOURNAL     = {Journal of Physiology (London)},
    VOLUME      = {119},
    PAGES       = {69-88},
    YEAR        = {1953}
    )

@INCOLLECTION(barlow61,
    AUTHOR      = {H.B. Barlow},
    TITLE       = {Possible principles underlying the transformations of sensory messages},
    BOOKTITLE   = {Sensory Communication},
    PUBLISHER   = {MIT Press},
    PAGES       = {217-234},
    YEAR        = {1961}
    )

@INCOLLECTION(simoncelliEtAl04,
    AUTHOR      = {E.P. Simoncelli and L. Paninski and J. Pillow and O. Schwartz},
    TITLE       = {Characterization of neural responses with stochastic stimuli},
    BOOKTITLE   = {The New Cognitive Neurosciences},
    PUBLISHER   = {MIT Press},
    EDITOR      = {M. Gazzaniga},
    EDITION     = {3rd},
    PAGES       = {327-338},
    ADDRESS     = {Cambridge, MA},
    YEAR        = {2004}
    )

@ARTICLE(srinivasanEtAl82,
    AUTHOR      = {M.V. Srinivasan and S.B. Laughlin and A. Dubs},
    TITLE       = {Predictive coding: a fresh view of inhibition in the retina},
    JOURNAL     = {Proceedings of the Royal Society of London B},
    VOLUME      = {216},
    PAGES       = {427-459},
    YEAR        = {1982}
    )

@ARTICLE(touryanEtAl05,
    AUTHOR      = {J. Touryan and G. Felsen and Y. Dan},
    TITLE       = {Spatial structure of complex cell receptive fields measured with natural images},
    JOURNAL     = {Neuron},
    VOLUME      = {45},
    PAGES       = {781-791},
    YEAR        = {2005}
    )

@ARTICLE(touryanEtAl02,
    AUTHOR      = {J. Touryan and B. Lau and Y. Dan},
    TITLE       = {Isolation of relevant visual features from random stimuli for cortical complex cells},
    JOURNAL     = {The Journal of Neuroscience},
    VOLUME      = {22},
    NUMBER      = {24},
    PAGES       = {10811-10818},
    YEAR        = {2002}
    )

@ARTICLE(felsenEtAl05,
    AUTHOR      = {G. Felsen and J. Touryan and F. Han and Y. Dan},
    TITLE       = {Cortical sensitivity to visual features in natural scenes},
    JOURNAL     = {PLoS Biology},
    VOLUME      = {3},
    MONTH       = {9},
    NUMBER      = {10},
    PAGES       = {e342},
    URL         = {http://dx.doi.org/10.1371\%2Fjournal.pbio.0030342},
    DOI         = {10.1371/journal.pbio.0030342},
    YEAR        = {2005}
    )

@ARTICLE(danEtAl96,
    AUTHOR      = {Y. Dan and J.J. Attick and R.C. Reid},
    TITLE       = {Efficient coding of natural scenes in the lateral geniculate
    nucleus: experimental test of a computational theory},
    JOURNAL     = {The Journal of Neuroscience},
    VOLUME      = {16},
    PAGES       = {3351-3362},
    YEAR        = {1996}
    )
         
@ARTICLE(balboaAndGrzywacz00a,
    AUTHOR      = {R.M. Balboa and N.M. Grzywacz},
    TITLE       = {The role of early lateral inhibition: more than maximizing luminance information},
    JOURNAL     = {Vision Research},
    VOLUME      = {17},
    PAGES       = {77-89},
    YEAR        = {2000}
    )

@ARTICLE(grzywaczAndBalboa02,
    AUTHOR      = {N.M. Grzywacz and R.M. Balboa},
    TITLE       = {A bayesian framework for sensory adaptation},
    JOURNAL     = {Neural Computation},
    VOLUME      = {14},
    PAGES       = {543-559},
    YEAR        = {2002}
    )

@ARTICLE(balboaAndGrzywacz00b,
    AUTHOR      = {R.M. Balboa and N.M. Grzywacz},
    TITLE       = {Occlusions and  their relationship with the distribution of
contrasts in natural images},
    JOURNAL     = {Vision Research},
    VOLUME      = {40},
    PAGES       = {2661-2669},
    YEAR        = {2000}
    )


@ARTICLE(olshausenAndField97,
    AUTHOR      = {B.A. Olshausen and D.J. Field},
    TITLE       = {Sparse coding with an overcomplete basis set: a strategy
    employed by {V1}?},
    JOURNAL     = {Vision Research},
    VOLUME      = {23},
    PAGES       = {3311-3325},
    YEAR        = {1997}
    )

@ARTICLE(adelsonAndBergen85,
    AUTHOR      = {E.H. Adelson and J.R. Bergen},
    TITLE       = {Spatiotemporal energy models for the perception of motion},
    JOURNAL     = {Journal of the Optical Society of America A},
    VOLUME      = {2},
    PAGES       = {284-299},
    YEAR        = {1985}
    )

@ARTICLE(jonesAndPalmer87,
    AUTHOR      = {J.P. Jones and L.A. Palmer},
    TITLE       = {An evaluation of the two-dimensional Gabor filter model of simple receptive fields in cat striate cortex},
    JOURNAL     = {Journal of Neurophysiology},
    VOLUME      = {58},
    NUMBER      = {6},
    PAGES       = {1233-1258},
    YEAR        = {1987}
    )

@ARTICLE(rustEtAl05,
    AUTHOR      = {N.C. Rust and O. Schwartz and J.A. Movshon and E.P.
          Simoncelli},
    TITLE       = {Spatiotemporal elements of macaque {V1} receptive fields},
    JOURNAL     = {Neuron},
    VOLUME      = {46},
    PAGES       = {945-956},
    YEAR        = {2005}
    )

@ARTICLE(deRuyterVanSteveninckAndBialek88,
    AUTHOR      = {R.R. {de Ruyter van Steveninck} and W. Bialek},
    TITLE       = {Real-time performance of a movement-sensitive neuron in the blowfly visual system: coding and information transfer in short spike sequences},
    JOURNAL     = {Proceedings Royal Society of London B},
    VOLUME      = {234},
    PAGES       = {379-414},
    YEAR        = {1988}
    )

@ARTICLE(brennerEtAl00,
    AUTHOR      = {N. Brenner and W. Bialek and R.R. {de Ruyter van Steveninck}},
    TITLE       = {Adaptive rescaling optimizes information transmission},
    JOURNAL     = {Neuron},
    VOLUME      = {26},
    PAGES       = {695-702},
    YEAR        = {2000}
    )

@MISC(bialekAnddeRuyterVanSteveninck05,
       AUTHOR   = {W. Bialek and R.R. {de Ruyter van Steveninck}},
       TITLE    = {Features and dimensions: Motion estimation in fly vision},
       HOWPUBLISHED = {\url{http://arxiv.org/abs/q-bio/0505003}},
       YEAR     = {2005}
    )

@ARTICLE(lewisEtAl02,
    AUTHOR      = {E.R. Lewis and K.R. Henry and W.M. Yamada},
    TITLE       = {Tuning and timing of excitation and inhibition in primary auditory nerve fibers},
    JOURNAL     = {Hearing Research},
    VOLUME      = {171},
    PAGES       = {13-31},
    YEAR        = {2002}
    )

@ARTICLE(rowekampAndSharpee11,
    AUTHOR      = {R.J. Rowekamp and T.O. Sharpee},
    TITLE       = {Analyzing multicomponent receptive fields from natural responses to natural stimuli},
    JOURNAL     = {Network: Computation in Neural Systems},
    VOLUME      = {22},
    PAGES       = {45-73},
    YEAR        = {2011}
    )

@ARTICLE(sharpeeEtAl04,
    AUTHOR      = {T.O. Sharpee and N.C. Rust and W. Bialek},
    TITLE       = {Analyzing neural responses to natural signals: maximally informative dimensions},
    JOURNAL     = {Neural computation},
    VOLUME      = {16},
    PAGES       = {223-250},
    YEAR        = {2004},
    NOTE        = {Code available at \url{http://cnl-t.salk.edu/Download/}}
    )

@ARTICLE(sharpeeEtAl06,
    AUTHOR      = {T.O. Sharpee and H. Sugihara and A.V. Kurgansky and S. Rebrik
    and M.P. Stryker and K.D. Miller},
    TITLE       = {Adaptive filtering enhances information transmission in visual cortex},
    JOURNAL     = {Nature},
    VOLUME      = {439},
    NUMBER      = {7079},
    PAGES       = {936-942},
    YEAR        = {2006}
    )

@ARTICLE(sharpee07,
    AUTHOR      = {T.O. Sharpee},
    TITLE       = {Comparison of information and variance maximization strategies for characterizing neural feature selectivity},
    JOURNAL     = {Statistics in medicine},
    VOLUME      = {26},
    PAGES       = {4009-4031},
    YEAR        = {2007}
    )

@ARTICLE(sharpeeEtAl08,
    AUTHOR      = {T.O. Sharpee and K.D. Miller and M.P. Stryker},
    TITLE       = {On the importance of static nonlinearity in estimating spatiotemporal neural filters with natural stimuli},
    JOURNAL     = {Journal of Neurophysiology},
    VOLUME      = {99},
    PAGES       = {2496-2509},
    YEAR        = {2008}
    )

@BOOK(volterra30,
       AUTHOR   = {V. Volterra},
       TITLE    = {Theory of functionals and of integral and
       integro-differential equations},
       PUBLISHER    = {Dover Publications},
       ADDRESS  = {New York},
       YEAR     = {1930}
       )

@BOOK(wiener58,
       AUTHOR   = {N. Wiener},
       TITLE    = {Nonlinear Problems in Random Theory},
       PUBLISHER    = {Wiley},
       ADDRESS      = {New York},
       YEAR     = {1958}
       )

@ARTICLE(leeAndSchetzen65,
    AUTHOR      = {Y.W. Lee and M. Schetzen},
    TITLE       = {Measurement of the Wiener kernels of a nonlinear system by cross-correlation},
    JOURNAL     = {International Journal of Control},
    VOLUME      = {2},
    PAGES       = {237-254},
    YEAR        = {1965}
    )

@ARTICLE(westwick1998,
    AUTHOR = {D.T. Westwick and B. Suki and K.R. Lutchen},
    TITLE = {Sensitivity analysis of kernel estimates: implications in nonlinear physiological system identification},
    JOURNAL = {Annals of Biomedical Engineering},
    VOLUME = {26},
    PAGES = {488-501},
    YEAR = {1998}
    )

@ARTICLE(deBoerAndKuyper68,
    AUTHOR      = {E. {de Boer} and P. Kuyper},
    TITLE       = {Triggered correlation},
    JOURNAL     = {IEEE Transactions on Biomedical Engineering},
    VOLUME      = {15},
    PAGES       = {169-179},
    YEAR        = {1968}
    )

@ARTICLE(seelenAndHoffmann75,
    AUTHOR      = {W.v. Seelen and K.P. Hoffmann},
    TITLE       = {Analysis of neuronal networks in the visual system of the cat
    using statistical signals},
    JOURNAL     = {Biological Cybernetics},
    VOLUME      = {22},
    PAGES       = {7-20},
    YEAR        = {1975}
    )

@INPROCEEDINGS(krauszAndFriesen75,
                AUTHOR  = {H. Krauz and W.O. Friesen},
                TITLE   = {Identification of discrete input nonlinear systems
                using Poisson impulse trains},
                BOOKTITLE   = {Proceedings 1st Symposium on testing and
                identification of nonlinear systems},
                EDITOR  = {G.D. McCann and P.Z. Marmarelis},
                ADDRESS = {Pasadena},
                ORGANIZATION = {California Institute of Technology},
                YEAR    = {1975}
                )

@INPROCEEDINGS(fishman75,
                AUTHOR  = {H.M. Fishman},
                TITLE   = {Rapid complex impedance measurement in squid axon
                membrane via input-output crosscorrelation function},
                BOOKTITLE   = {Proceedings 1st Symposium on testing and
                identification of nonlinear systems},
                EDITOR  = {G.D. McCann and P.Z. Marmarelis},
                ADDRESS = {Pasadena},
                ORGANIZATION = {California Institute of Technology},
                YEAR    = {1975}
                )

@ARTICLE(chichilnisky01,
    AUTHOR = {E.J. Chichilnisky},
    TITLE = {A simple white noise analysis of neuronal light response}, 
    JOURNAL = {Network: Computation in Neural Systems},
    VOLUME = {12},
    PAGES = {199-213},
    YEAR = {2001}
)

@INPROCEEDINGS(nudingEtAl04,
    AUTHOR      = {U. Nuding and C. Zetzsche and K. Schill and G. Hauske},
    TITLE       = {Measurement of nonlinear 2nd-order kernels using Gaussian and
    natural inputs},
    BOOKTITLE   = {Signals, Systems and Computers 2004. Conference Record of the
    Thirty-Eight Asilomar Conference on},
    VOLUME      = {1},
    PAGES       = {760-764},
    YEAR        = {2004}
    )

@ARTICLE(asyaliJuusola05,
    AUTHOR      = {M.H. Asyali and M. Juusola},
    TITLE       = {Use of Meixner functions in estimation of Volterra kernels of nonlinear systems with delay},
    JOURNAL     = {IEEE Transactions on Biomedical Engineering},
    VOLUME      = {52},
    NUMBER      = {2},
    PAGES       = {229-237},
    YEAR        = {2005}
    )

@ARTICLE(amorochoAndBrandstetter71,
    AUTHOR      = {J. Amorocho and A. Brandstetter},
    TITLE       = {Determination of nonlinear functional response functions in
    rainfall-runoff processes},
    JOURNAL     = {Water Resources Research},
    VOLUME      = {7},
    PAGES       = {1087-1101},
    YEAR        = {1971}
    )

@ARTICLE(watanabeAndStark75,
    AUTHOR      = {A. Watanabe and L. Stark},
    TITLE       = {Kernel method for nonlinear analysis: identification of
    biological control system},
    JOURNAL     = {Mathematical Biosciences},
    VOLUME      = {27},
    PAGES       = {99-108},
    YEAR        = {1975}
    )

@INBOOK(lee64,
    AUTHOR      = {Y.W. Lee},
    TITLE       = {Contributions of Norbert Wiener to linear theory and
    nonlinear theory in engineering},
    BOOKTITLE   = {Selected papers of Norbert Wiener},
    PUBLISHER   = {MIT Press},
    ADDRESS     = {Cambridge, MA},
    PAGES       = {17-33},
    YEAR        = {1964}
    )

@TECHREPORT(bose56,
    AUTHOR      = {A.G. Bose},
    TITLE       = {A theory of nonlinear systems},
    INSTITUTION = {Research Laboratory of Electronics, M.I.T.},
    NUMBER      = {309},
    ADDRESS     = {Cambridge, MA},
    YEAR        = {1956}
    )

@ARTICLE(smythEtAl03,
    AUTHOR      = {D. Smyth and B. Willmore and G.E. Baker and I.D.  Thompson and D.J. Tolhurst},
    TITLE       = {The Receptive-Field Organization of Simple Cells in Primary Visual Cortex of Ferrets under Natural Scene Stimulation},
    JOURNAL     = {The Journal of Neuroscience},
    VOLUME      = {23},
    PAGES       = {4746-4759},
    YEAR        = {2003}
    )

@ARTICLE(hemmiEtAl02,
    AUTHOR      = {J.M. Hemmi and A. James and W.R. Taylor },
    TITLE       = {Color opponent retinal ganglion cells in the tammar wallaby retina},
    JOURNAL     = {Journal of Vision},
    VOLUME      = {2},
    PAGES       = {608-617},
    YEAR        = {2002}
    )

@ARTICLE(ringachEtAl97,
    AUTHOR      = {D.L. Ringach and G. Sapiro and R. Shapely},
    TITLE       = {A Subspace Reverse -correlation Technique for the Study of Visual Neurons},
    JOURNAL     = {Vision Research},
    VOLUME      = {37},
    PAGES       = {2455-2464},
    YEAR        = {1997}
    )

@ARTICLE(baccusAndMeister02,
    AUTHOR      = {S.A. Baccus and M. Meister},
    TITLE       = {Fast and slow contrast adaptation in retinal circuitry},
    JOURNAL     = {Neuron},
    VOLUME      = {36},
    NUMBER      = {5},
    PAGES       = {909-919},
    YEAR        = {2002}
    )

@ARTICLE(kaplanAndBenardete01,
    AUTHOR      = {E. Kaplan and E. Benardete},
    TITLE       = {The dynamics of primate retinal ganglion cells},
    JOURNAL     = {Progress in brain research},
    VOLUME      = {134},
    PAGES       = {17-34},
    YEAR        = {2001}
    )

@ARTICLE(mechlerAndRingach02,
    AUTHOR      = {F. Mechler and D.L. Ringach},
    TITLE       = {On the classification of simple and complex cells},
    JOURNAL     = {Vision Research},
    VOLUME      = {42},
    NUMBER      = {8},
    PAGES       = {1017-33},
    YEAR        = {2002}
    )

@ARTICLE(ringachEtAl02,
    AUTHOR      = {D.L. Ringach and M.J. Hawken and R. Shapley},
    TITLE       = {Receptive field structure of neurons in monkey primary visual cortex revealed by stimulation with natural image sequences},
    JOURNAL     = {Journal of Vision},
    VOLUME      = {2},
    NUMBER      = {1},
    PAGES       = {12-24},
    YEAR        = {2002}
    )

@ARTICLE(nykampAndRingach02,
    AUTHOR      = {D.Q. Nykamp and D.L. Ringach},
    TITLE       = {Full identification of a linear-nonlinear system via cross-correlation analysis},
    JOURNAL     = {Journal of Vision},
    VOLUME      = {2},
    NUMBER      = {1},
    PAGES       = {1-11},
    YEAR        = {2002}
    )

@ARTICLE(victorAndShapley80,
    AUTHOR      = {J.D. Victor and R.M. Shapley},
    TITLE       = {A method of nonlinear analysis in the frequency domain},
    JOURNAL     = {Biphysical Journal},
    VOLUME      = {29},
    PAGES       = {459-484},
    YEAR        = {1980}
    )

@ARTICLE(emersonEtAl87,
    AUTHOR      = {R.C. Emerson and M.C. Citron and W.J. Vaughn and S.A. Klein},
    TITLE       = {Nonlinear directionally selective subunits in complex cells of a cat striate cortex},
    JOURNAL     = {Journal of Neurophysiology},
    VOLUME      = {58},
    PAGES       = {33-65},
    YEAR        = {1987}
    )

@ARTICLE(livingstoneAndConway03,
    AUTHOR      = {M.S. Livingstone and B. R. Conway},
    TITLE       = {Substructure of direction-selective receptive fields in macaque {V1}},
    JOURNAL     = {Journal of Neurophysiology},
    VOLUME      = {89},
    PAGES       = {2743-2759},
    YEAR        = {2003}
    )

@ARTICLE(willmoreAndSmyth03,
    AUTHOR      = {B. Willmore and D. Smyth},
    TITLE       = {Methods for first-order kernel estimation: simple-cell receptive fields from responses to natural scenes},
    JOURNAL     = {Network: computation in neural systems},
    VOLUME      = {14},
    PAGES       = {553-577},
    YEAR        = {2003}
    )

@ARTICLE(stanley02,
    AUTHOR      = {G.B. Stanley},
    TITLE       = {Adaptive Spatiotemporal Receptive Field Estimation in the Visual Pathway},
    JOURNAL     = {Neural Computation},
    VOLUME      = {14},
    PAGES       = {2925-2946},
    YEAR        = {2002}
    )

@ARTICLE(woolleyEtAl05,
    AUTHOR      = {S.M. Woolley and T.E. Fremouw and A. Hsu and F.E. Theunissen},
    TITLE       = {Tuning for spectro-temporal modulations as a mechanism for auditory discrimination of natural sounds},
    JOURNAL     = {Nature Neuroscience},
    VOLUME      = {8},
    PAGES       = {1371-1379},
    YEAR        = {2005}
    )

@ARTICLE(woolleyEtAl06,
    AUTHOR      = {S.M. Wooley and P.R. Gill and F.E. Theunissen},
    TITLE       = {Stimulus-dependent auditory tuning results in synchronous population coding of vocalization in the songbird midbrain},
    JOURNAL     = {Jounal of Neuroscience},
    VOLUME      = {26},
    NUMBER      = {9},
    PAGES       = {2499-512},
    YEAR        = {2006}
    )

@ARTICLE(theunissenEtAl00,
    AUTHOR      = {F.E. Theunissen and K. Sen and A.J. Doupe},
    TITLE       = {Spectral-temporal receptive fields of nonlinear auditory neurons obtained using natural sounds},
    JOURNAL     = {The Journal of Neuroscience},
    VOLUME      = {20},
    NUMBER      = {6},
    PAGES       = {2315-31},
    YEAR        = {2000}
    )

@ARTICLE(theunissenEtAl01,
    AUTHOR      = {F.E. Theunissen and S.V. David and N.C. Singh and A. Hsu and W.E. Vinje and J.L. Gallant},
    TITLE       = {Estimating spatio-temporal receptive fields of auditory and visual neurons from their responses to natural stimuli},
    JOURNAL     = {Network: Computation in Neural Systems},
    VOLUME      = {12},
    PAGES       = {289-316},
    YEAR        = {2001}
    )

@ARTICLE(theunissenAndShaevitz06,
    AUTHOR      = {F.E. Theunissen and S.S. Shaevitz},
    TITLE       = {Auditory processing of vocal sounds in birds},
    JOURNAL     = {Current opinion in neurobiology},
    VOLUME      = {16},
    PAGES       = {400-407},
    YEAR        = {2006}
    )

@ARTICLE(maravallEtAl07,
    AUTHOR      = {M. Maravall and R.S. Petersen and A.L. Fairhall and E. Arabzadeh and M.E. Diamond},
    TITLE       = {Shifts in coding properties and maintainance of information transmission during adaptation in barrel cortex},
    JOURNAL     = {PLoS Biology},
    VOLUME      = {5},
    PAGES       = {e19},
    YEAR        = {2007}
    )

@ARTICLE(hsuEtAl04,
    AUTHOR      = {A. Hsu and A. Borst and F.E. Theunissen},
    TITLE      = {Quantifying variability in neural responses and its application to the validation of model predictions},
    JOURNAL     = {Network: Computation in Neural Systems},
    VOLUME      = {15},
    PAGES       = {91-109},
    YEAR        = {2004}
    )

@ARTICLE(vinjeAndGallant02,
    AUTHOR      = {W.E. Vinje and J.L. Gallant},
    TITLE       = {Natural stimulation of the nonclassical receptive field increases information transmission in {V1}},
    JOURNAL     = {The Journal of Neuroscience},
    VOLUME      = {22},
    NUMBER      = {7},
    PAGES       = {2904-2915},
    YEAR        = {2002}
    )

@ARTICLE(vinjeAndGallant00,
    AUTHOR      = {W.E. Vinje and J.L. Gallant},
    TITLE       = {Sparse coding and decorrelation in primary visual cortex during natural vision},
    JOURNAL     = {Science},
    VOLUME      = {287},
    NUMBER      = {5456},
    PAGES       = {1273-1276},
    YEAR        = {2000}
    )

@ARTICLE(welikyEtAl03,
    AUTHOR      = {M. Weliky and J. Fiser and R.H. Hunt and D.N. Wagner},
    TITLE       = {Coding of natural scenes in primary visual cortex},
    JOURNAL     = {Neuron},
    VOLUME      = {37},
    NUMBER      = {4},
    PAGES       = {703-718},
    YEAR        = {2003}
    )

@ARTICLE(aggelopoulosEtAl05,
    AUTHOR      = {N.C. Aggelopoulos and L. Franco and E.T. Rolls},
    TITLE       = {Object perception in natural scenes: encoding by inferior temporal cortex simultaneously recorded neurons},
    JOURNAL     = {Journal of Neurophysiology},
    VOLUME      = {93},
    NUMBER      = {3},
    PAGES       = {1342-1357},
    YEAR        = {2005}
    )

@ARTICLE(guoEtAl05,
    AUTHOR      = {K. Guo and R.G. Robertson and S. Mahmoodi and M.P. Young},
    TITLE       = {Center-surround interactions in response to natural scene stimulation in the primary visual cortex},
    JOURNAL     = {European Journal of Neuroscience},
    VOLUME      = {21},
    NUMBER      = {2},
    PAGES       = {536-548},
    YEAR        = {2005}
    )

@ARTICLE(prengerEtAl04,
    AUTHOR      = {R. Prenger and M.C.-K. Wu and S.V. David and J.L. Gallant},
    TITLE       = {Nonlinear {V1} responses to natural scenes revealed by neural network analysis},
    JOURNAL     = {Neural Networks},
    VOLUME      = {17},
    PAGES       = {663-679},
    YEAR        = {2004}
    )

@ARTICLE(davidEtAl04,
    AUTHOR      = {S.V. David and W.E. Vinje and J.L. Gallant},
    TITLE       = {Natural stimulus statistics alter the receptive field structure of {V1} neurons},
    JOURNAL     = {The Journal of Neuroscience},
    VOLUME      = {24},
    NUMBER      = {31},
    PAGES       = {6991-7006},
    YEAR        = {2004}
    )

@ARTICLE(davidEtAl09,
    AUTHOR      = {S.V. David and N. Mesgarani and J.B. Fritz and S.A. Shamma},
    TITLE       = {Rapid synaptic depression explains nonlinear modulation of spectro-temporal tuning in primary auditory cortex by natural stimuli},
    JOURNAL     = {The Journal of Neuroscience},
    VOLUME      = {29},
    NUMBER      = {11},
    PAGES       = {3374-3386},
    YEAR        = {2009}
    )

@ARTICLE(dicarloEtAl98,
    AUTHOR      = {J.J. DiCarlo and K.O. Johnoson and S.S. Hsiao},
    TITLE       = {Structure of Receptive Fields in Area 3b of Primary Somatosensory Cortex in the Alert Monkey},
    JOURNAL     = {The Journal of Neurosciences},
    VOLUME      = {18},
    PAGES       = {2626-5645},
    YEAR        = {1998}
    )

@ARTICLE(movshonEtAl78a,
    AUTHOR      = {J.A. Movshon and I.D. Thompson and D.J. Tolhurst},
    TITLE       = {Spatial summation in the receptive fields of simple cells in the cat's striate cortex},
    JOURNAL     = {Journal of Physiology},
    VOLUME      = {383},
    PAGES       = {53-77},
    YEAR        = {1978}
    )

@ARTICLE(movshonEtAl78b,
    AUTHOR      = {J.A. Movshon and I.D. Thompson and D.J. Tolhurst},
    TITLE       = {Receptive field organization of complex cells in the cat's
striate cortex},
    JOURNAL     = {Journal of Physiology},
    VOLUME      = {383},
    PAGES       = {79-99},
    YEAR        = {1978}
    )

@ARTICLE(hochsteinAndShapley76,
    AUTHOR      = {S. Hochstein and R.M. Shapley},
    TITLE       = {Linear and nonlinear spatial subunits in {Y} cat retinal ganglion cells},
    JOURNAL     = {Journal of Physiology},
    VOLUME      = {262},
    PAGES       = {265-284},
    YEAR        = {1976}
    )

@ARTICLE(albrechtAndDeValois81,
    AUTHOR      = {D.G. Albrecht and R.L. De Valois},
    TITLE       = {Striate cortex responses to periodic patterns with and without the fundamental harmonics},
    JOURNAL     = {Journal of Physiology of London},
    VOLUME      = {319},
    PAGES       = {497-514},
    YEAR        = {1981}
    )

@ARTICLE(maffeiAndFiorentini73,
    AUTHOR      = {L. Maffei and A. Fiorentini},
    TITLE       = {The visual cortex as a spatial frequency analyzer},
    JOURNAL     = {Vision Research},
    VOLUME      = {13},
    PAGES       = {1255-1267},
    YEAR        = {1973}
    )

@ARTICLE(dean81,
    AUTHOR      = {A.F. Dean},
    TITLE       = {The relationship between response amplitude and contrast for cat striate cortical neurones},
    JOURNAL     = {Journal of Physiology (London)},
    VOLUME      = {318},
    PAGES       = {1255-1267},
    YEAR        = {1981}
    )

@ARTICLE(albretchAndHamilton82,
    AUTHOR      = {D.G. Albrecht and D.H. Hamilton},
    TITLE       = {Striate cortex of monkey and cat: contrast response function},
    JOURNAL     = {Journal of Neurophysiology},
    VOLUME      = {48},
    PAGES       = {217-237},
    YEAR        = {1982}
    )

@ARTICLE(sclarEtAl82,
    AUTHOR      = {G. Sclar and R.R. Freeman},
    TITLE       = {Orientation selectivity in the cat's striate cortex is invariant with stimulus contrast},
    JOURNAL     = {Experimental Brain Research},
    VOLUME      = {46},
    NUMBER      = {3},
    PAGES       = {457-461},
    YEAR        = {1982}
    )

@ARTICLE(deanAndTolhurst86,
    AUTHOR      = {A.F. Dean and D.J. Tolhurst},
    TITLE       = {Factors influencing the temporal phase of response to bar and grating stimuli for simple cells in the cat striate cortex},
    JOURNAL     = {Experimental Brain Research},
    VOLUME      = {62},
    PAGES       = {143-151},
    YEAR        = {1986}
    )

@ARTICLE(carandiniAndHeeger94,
    AUTHOR      = {M. Carandini and D.J. Heeger},
    TITLE       = {Summation and division by neurons in primate visual cortex},
    JOURNAL     = {Science},
    VOLUME      = {264},
    PAGES       = {1333-1336},
    YEAR        = {1994}
    )

@ARTICLE(morroneEtAl82,
    AUTHOR      = {M.C. Morrone and D.C. Burr and L. Maffei},
    TITLE       = {Functional implications of cross-orientation inhibition of cortical visual cells. 1. Neurophysiological evidence.},
    JOURNAL     = {Proceedings of the Royal Society of London B.},
    VOLUME      = {216},
    PAGES       = {335-354},
    YEAR        = {1982}
    )

@ARTICLE(bonds89,
    AUTHOR      = {A.B. Bonds},
    TITLE       = {Role of inhibition in the specification of orientation selectivity of cells in the cat striate cortex},
    JOURNAL     = {Visual Neuroscience},
    VOLUME      = {2},
    PAGES       = {41-55},
    YEAR        = {1989}
    )

@ARTICLE(palmAndPoggio77,
    AUTHOR      = {G. Palm and T. Poggio},
    TITLE       = {The Volterra representation and the Wiener expansion:
    validity and pitfalls},
    JOURNAL     = {SIAM Journal on Applied Mathematics},
    VOLUME      = {33},
    NUMBER      = {2},
    PAGES       = {195-216},
    YEAR        = {1977}
    )

@ARTICLE(tauchiAndMasland84,
    AUTHOR      = {M. Tauchi and R.H. Masland},
    TITLE       = {The shape and arrangement of the cholinergic neurons in the rabbit retina},
    JOURNAL     = {Proceedings of the Royal Society of London B},
    VOLUME      = {223},
    NUMBER      = {1230},
    PAGES       = {101-119},
    YEAR        = {1984}
    )

@ARTICLE(amthorEtAl96,
    AUTHOR      = {F.R. Amthor and N.M. Grzywacz and D.K. Merwine},
    TITLE       = {Extra-receptive-field motion facilitation in on-off directionally selective ganglion cells of the rabbit retina},
    JOURNAL     = {Visual Neuroscience},
    VOLUME      = {13},
    NUMBER      = {2},
    PAGES       = {303-309},
    YEAR        = {1996}
    )

@ARTICLE(christiansonEtAl08,
    AUTHOR      = {G.B. Christianson and M. Sahani and J.F. Linden},
    TITLE       = {The consequences of response nonlinearities for interpretation of spectrotemporal receptive fields},
    JOURNAL     = {The Journal of Neurosciences},
    VOLUME      = {28},
    NUMBER      = {2},
    PAGES       = {446-455},
    YEAR        = {2008}
    )

