@book{shumwayAndStoffer16,
  title={Time series analysis and its applications},
  author={Shumway, Robert H and Stoffer, David S and Stoffer, David S},
  year={2016},
  edition={4},
  publisher={Springer}
}

@BOOK(magnusAndNeudecker19,
    TITLE       = {Matrix differential calculus with applications in statistics and econometrics},
    AUTHOR      = {Magnus, Jan R and Neudecker, Heinz},
    YEAR        = {2019},
    PUBLISHER   = {John Wiley \& Sons}
)

@ARTICLE(hubertAndVAndervieren08,
    AUTHOR      = {M. Hubert and E. Vandervieren},
    TITLE       = {An adjusted boxplot fore skewed distributions},
    JOURNAL     = {Computational statistics and \& analysis},
    VOLUME      = {52},
    PAGES       = {5186-5201},
    YEAR        = {2008}
    )

@ARTICLE(friggeEtAl89,
    AUTHOR      = {M. Frigge and D.C. Hoaglin and B. Iglewicz},
    TITLE       = {Some implementations of the boxplot},
    JOURNAL     = {American statistical association},
    VOLUME      = {43},
    NUMBER      = {1},
    PAGES       = {50-54},
    YEAR        = {1989}
    )

@BOOK(wilcox12,
    AUTHOR       = {Rand Wilcox},
    TITLE        = {Introduction to robust estimation and hypothesis testing},
    PUBLISHER    = {Academic Press},
    ADDRESS      = {New York, NY},
    YEAR         = {2012}
    )

@BOOK(fisher96,
    AUTHOR      = {Fisher, Nicholas I},
    TITLE       = {Statistical analysis of circular data},
    PUBLISHER   = {Cambridge University Press},
    ADDRESS     = {Cambridge, UK},
    YEAR        = {1996}
    )

@ARTICLE(dormannEtAl13,
    AUTHOR      = {C.F. Dormann and J. Elith and S. Bacher and C. Buchmann
and G. Carl and G. Carr\'{e} and J.R. Garc\'{i}a Marqu\'{e}z and B. Gruber
and B. Lafourcade and P.J.  Leit\~{a}o and T. M\"{u}nkem\"{u}ller and C. McClean and P.E. Osborne and B. Reineking and B. Schr\"{o}der and A.K. Skidmore and D. Zurell and S. Lautenbach},
    TITLE       = {Collinearity: a review of methods to deal with it and a simulation study evaluating their performance},
    JOURNAL     = {Ecography},
    VOLUME      = {36},
    PAGES       = {27-46},
    YEAR        = {2013}
    )

@ARTICLE(tychonoff43,
    AUTHOR      = {A.N. Tychonoff},
    TITLE       = {On the stability of inverse problems},
    JOURNAL     = {Doklady Akademii Nauk SSSR},
    VOLUME      = {39},
    NUMBER      = {5},
    PAGES       = {195-198},
    YEAR        = {1943}
    )

@ARTICLE(friedman01,
    AUTHOR      = {J.H. Friedman},
    TITLE       = {Greedy function approximation: A gradient boosting machine},
    JOURNAL     = {Annals of Statistics},
    VOLUME      = {29},
    PAGES       = {1189-1232},
    YEAR        = {2001}
    )

@ARTICLE(friedmanAndStuetzle81,
    AUTHOR      = {J.H. Friedman and W. Stuetzle},
    TITLE       = {Projection pursuit regression},
    JOURNAL     = {Journal of the American Statistical Association},
    VOLUME      = {76},
    NUMBER      = {376},
    PAGES       = {817-823},
    YEAR        = {1981}
    )

@TECHREPORT(friedman84a,
    AUTHOR      = {J.H. Friedman},
    TITLE       = {SMART user's guide},
    INSTITUTION = {Department of Statistics, Stanford University},
    ADDRESS     = {Palo Alto, CA},
    NUMBER      = {1},
    YEAR        = {1984}
    )

@TECHREPORT(friedman84b,
    AUTHOR      = {J.H. Friedman},
    TITLE       = {A variable span scatterplot smoother},
    INSTITUTION = {Department of Statistics, Stanford University},
    ADDRESS     = {Palo Alto, CA},
    NUMBER      = {5},
    YEAR        = {1984}
    )

@BOOK(greenAndSilverman94,
       AUTHOR       = {P.J. Green and B.W. Silverman},
       TITLE        = {Nonparametric regression and generalized linear models},
       PUBLISHER    = {CRC Press},
       ADDRESS      = {Boca Raton, FL},
       YEAR         = {1994}
       )

@BOOK(belsleyEtAl04,
       AUTHOR       = {Belsley, David A and Kuh, Edwin and Welsch, Roy E},
       TITLE        = {Regression Diagnostics: Identifying Influential Data
and Sources of Colinearity},
       PUBLISHER    = {Wiley-Interscience},
       ADDRESS      = {Hoboken, NJ},
       YEAR         = {2004}
       )

@BOOK(burnhamAndAnderson02,
       AUTHOR       = {K.P. Burnham and D.R. Anderson},
       TITLE        = {Model selection and multimodel inference: a practical information-theoretic approach},
       PUBLISHER    = {Springer},
       ADDRESS      = {Berlin, Germany},
       YEAR         = {2002}
       )

@BOOK(hollanderAndWolfe99,
       AUTHOR       = {M. Hollander and D.A. Wolfe},
       TITLE        = {Nonparametric statistical methods},
       EDITION      = {Second},
       PUBLISHER    = {Wiley-Interscience},
       ADDRESS      = {New York, NY},
       YEAR         = {1999}
       )

@ARTICLE(hwangEtAl94,
    AUTHOR      = {J.N. Hwang and S.R. Lay and M. Maechler and R.D. Martin and J. Schimert},
    TITLE       = {Regression modelling in back-propagation and projection pursuit learning},
    JOURNAL     = {IEEE Transactions on Neural Networks},
    VOLUME      = {5},
    NUMBER      = {3},
    PAGES       = {342-353},
    YEAR        = {1994}
    )

@BOOK(R,
       AUTHOR       = {W.N. Venables and D.M. Smith},
       TITLE        = {An introduction to \uppercase{R}},
       PUBLISHER    = {Network Theory Ltd.},
       NOTE         = {\url{http://www.r-project.org/}},
       YEAR         = {2002}
       )

@BOOK(efronAndTibshirani93,
       AUTHOR       = {B. Efron and R.J. Tibshirani},
       TITLE        = {An introduction to the bootstrap},
       PUBLISHER    = {Chapman \& Hall},
       ADDRESS      = {New York, NY},
       YEAR         = {1993}
       )

@BOOK(shaoAndTu95,
       AUTHOR       = {J. Shao and D. Tu},
       TITLE        = {The jackknife and bootstrap},
       PUBLISHER    = {Springer},
       ADDRESS      = {New York, NY},
       YEAR         = {1995}
       )

@BOOK(casellaAndBerger02,
       AUTHOR       = {G. Casella and R.L. Berger},
       TITLE        = {Statistical inference},
       PUBLISHER    = {Duxbury},
       ADDRESS      = {Pacific Grove, CA},
       YEAR         = {2002},
       EDITION      = {2nd}
       )

@BOOK(fuller87,
       AUTHOR       = {W.A. Fuller},
       TITLE        = {Measurement Error Models},
       PUBLISHER    = {Wiley},
       ADDRESS      = {New York, NY},
       YEAR         = {1987}
       )

@ARTICLE(helland88,
    AUTHOR      = {I.S. Helland},
    TITLE       = {On the structure of partial least squares regression},
    JOURNAL     = {Communications in Statistics: Simulation and Computation},
    VOLUME      = {17},
    NUMBER      = {2},
    PAGES       = {584-607},
    YEAR        = {1988}
    )

@ARTICLE(geladiAndKowalski86,
    AUTHOR      = {P. Geladi and B.R. Kowalski},
    TITLE       = {Partial leas-squares regression: a tutorial},
    JOURNAL     = {Analytica Chimica Acta},
    VOLUME      = {185},
    PAGES       = {1-17},
    YEAR        = {1986}
    )

@ARTICLE(li91,
    AUTHOR      = {K.C. Li},
    TITLE       = {Sliced inverse regression for dimension reduction (with discussion)},
    JOURNAL     = {Journal of the American Statistical Association},
    VOLUME      = {86},
    PAGES       = {316-342},
    YEAR        = {1991}
    )

@BOOK(kutnerEtAl05,
       AUTHOR       = {Michael H. Kutner and Christopher J. Nachtsheim and John Neter and William Li},
       TITLE        = {Applied linear statistical models},
       PUBLISHER    = {McGraw-Hill/Irwin},
       ADDRESS      = {New York, NY},
       EDITION      = {5th},
       YEAR         = {2005}
       )

@BOOK(rousseeuwAndLeroy03,
       AUTHOR       = {P.J. Rousseeuw and A.M. Leroy},
       TITLE        = {Roubst regression and outlier detection},
       PUBLISHER    = {Wiley},
       ADDRESS      = {New York, NY},
       YEAR         = {2003}
       )

@BOOK(seberAndWild03,
       AUTHOR       = {G.A.F. Seber and C.J. Wild},
       TITLE        = {Nonlinear regression},
       PUBLISHER    = {Wiley},
       ADDRESS      = {New York, NY},
       YEAR         = {2003}
       )

@INCOLLECTION(huber79,
       AUTHOR       = {P.J. Huber},
       TITLE        = {Robust smoothing},
       PUBLISHER    = {Academic Press},
       ADDRESS      = {New York, London},
       BOOKTITLE    = {Robustness in Statistics},
       PAGES        = {33-48},
       EDITOR       = {R.L. Launer and G.N. Wilkinson},
       YEAR         = {1979}
       )

@ARTICLE(cantoniAndRonchetti01,
    AUTHOR      = {E. Cantoni and E. Ronchetti},
    TITLE       = {Resistant selection of the smoothing parameter for
smoothing splines},
    JOURNAL     = {Statistics and Computing},
    VOLUME      = {11},
    PAGES       = {141-146},
    YEAR        = {2001}
    )

@ARTICLE(diaconisAndShahshahani84,
    AUTHOR      = {P. Diaconis and M. Shahshahani},
    TITLE       = {On nonlinear functions of linear combinations},
    JOURNAL     = {SIAM Journal on Scientific Computing},
    VOLUME      = {5},
    NUMBER      = {1},
    PAGES       = {175-191},
    YEAR        = {1984}
    )

@ARTICLE(fukumizuEtAl04,
    AUTHOR      = {K. Fukumizu and F.R. Bach and M.I. Jordan},
    TITLE       = {Dimensionality reduction for supervised learning with
    reproducing kernel hilbert spaces},
    JOURNAL     = {Journal of Machine Learning Research},
    VOLUME      = {5},
    PAGES       = {73-99},
    YEAR        = {2004}
    )

@ARTICLE(roosenAndHastie94,
    AUTHOR      = {C.B Roosen and T.J. Hastie},
    TITLE       = {Automatic smoothing spline projection pursuit},
    JOURNAL     = {Journal of Computational and Graphical Statistics},
    VOLUME      = {3},
    NUMBER      = {3},
    PAGES       = {235-248},
    YEAR        = {1994}
    )

@MISC(roosenInStatlib,
    AUTHOR      = {C.B. Roosen},
    KEY         = {Roosen},
    TITLE       = {Implementation of \uppercase{A}utomatic \uppercase{S}moothing \uppercase{S}pline \uppercase{P}rojection \uppercase{P}ursuit~\cite{roosenAndHastie94}},
    NOTE        = {\url{http://lib.stat.cmu.edu/jcgs/roosen-hastie}},
    YEAR        = {1994}
    )

@MISC(statlib,
    KEY         = {StatLib},
    TITLE       = {Data, sofware and news from the statistical community},
    YEAR        = {2006},
    NOTE        = {\url{http://lib.stat.cmu.edu/}}
    )

@BOOK(vanHuffelAndVandewalle91,
       AUTHOR       = {S. Van Huffel and J Vandewalle},
       TITLE        = {The total least squares problem: computational aspects and analysis},
       PUBLISHER    = {SIAM},
       ADDRESS      = {Philadelphia, PA},
       YEAR         = {1991}
       )

@ARTICLE(torkkola03,
    AUTHOR      = {K. Torkkola},
    TITLE       = {Feature extraction by non parametric mutual information maximization},
    JOURNAL     = {The Journal of Machine Learning Research},
    VOLUME      = {3},
    PAGES       = {1415-1438},
    YEAR        = {2003}
    )

@ARTICLE(huber85,
    AUTHOR      = {P.J. Huber},
    TITLE       = {Projection pursuit},
    JOURNAL     = {The Annals of Statistics},
    VOLUME      = {13},
    NUMBER      = {2},
    PAGES       = {435-475},
    YEAR        = {1985}
    )

@ARTICLE(donohoEtAl85,
    AUTHOR       = {D. Donoho and I. Johnstone and P. Rousseeuw and W. Stahel},
    TITLE        = {Discussion: Projection Pursuit},
    JOURNAL     = {The Annals of Statistics},
    VOLUME      = {13},
    NUMBER      = {2},
    PAGES       = {496-500},
    YEAR        = {1985}
    )

@ARTICLE(jones87,
    AUTHOR       = {L.K. Jones},
    TITLE        = {On a conjecture of \uppercase{H}uber concerning the convergence of Projection Pursuit Regression},
    JOURNAL     = {The Annals of Statistics},
    VOLUME      = {15},
    NUMBER      = {2},
    PAGES       = {880-882},
    YEAR        = {1987}
    )

@ARTICLE(akaike74,
    AUTHOR       = {H. Akaike},
    TITLE        = {A new look at the statistical model identification},
    JOURNAL     = {IEEE Transactions on Automatic Control},
    VOLUME      = {19},
    NUMBER      = {6},
    PAGES       = {716-723},
    YEAR        = {1974}
    )

@ARTICLE(schwarz78,
    AUTHOR      = {G.E. Schwarz},
    TITLE       = {Estimating the dimension of a model},
    JOURNAL     = {Annals of Statistics},
    VOLUME      = {6},
    NUMBER      = {2},
    PAGES       = {461-464},
    YEAR        = {1978}
    )

@BOOK(davisonAndHinkley97,
       AUTHOR       = {A.C. Davision and D.V. Hinkley},
       TITLE        = {Bootstrap methods and their applications},
       PUBLISHER    = {Cambridge University Press},
       ADDRESS      = {New York, NY},
       YEAR         = {1997}
       )

@BOOK(sahaiAndAgeel00,
       AUTHOR       = {H. Sahai and M.I. Ageel},
       TITLE        = {The analysis of variance. Fixed, random and mixed models},
       PUBLISHER    = {Birkha\"{a}user},
       ADDRESS      = {Boston, MA},
       YEAR         = {2000}
       )

@BOOK(pinheiroAndBates00,
       AUTHOR       = {J.C. Pinheiro and D.M. Bates},
       TITLE        = {Mixed-effects models in \uppercase{S} and
\uppercase{S-PLUS}},
       PUBLISHER    = {Springer},
       ADDRESS      = {New York, NY},
       YEAR         = {2000}
       )

@BOOK(bretzEtAl10,
       AUTHOR       = {F. Bretz and T. Hothorn and P. Westfall},
       TITLE        = {Multiple comparisons using \uppercase{R}},
       PUBLISHER    = {Chapman \& Hall/CRC Press},
       ADDRESS      = {Boca Raton, FL},
       YEAR         = {2010}
       )

@BOOK(gelmanEtAl13,
       AUTHOR       = {A. Gelman and J.B. Carlin and H.S. Stern and D.B. Dunson and A. Vehtari and D.B. Rubin},
       TITLE        = {Bayesian Data Analysis},
       PUBLISHER    = {Chapman \& Hall/CRC Texts in Statistical Science},
       ADDRESS      = {Boca Raton, FL},
       YEAR         = {2013}
       )

@BOOK(mardia72,
       AUTHOR       = {K.V. Mardia},
       TITLE        = {Statistics of directional data},
       PUBLISHER    = {Acadmic Press},
       ADDRESS      = {New York, NY},
       YEAR         = {1972}
       )

@BOOK(hastieEtAl16,
       AUTHOR       = {Trevor Hastie and Robert Tibshirani and Jerome Friedman},
       TITLE        = {The Elements of Statistical Learning},
       PUBLISHER    = {Springer},
       ADDRESS      = {New York, NY},
       EDITION      = {2nd},
       YEAR         = {2016}
       )

@ARTICLE(metropolisAndUlam49,
    AUTHOR      = {Metropolis, Nicholas and Ulam, Stanislaw},
    TITLE       = {The Monte Carlo method},
    JOURNAL     = {Journal of the American Statistical Asociation},
    VOLUME      = {44},
    NUMBER      = {247},
    PAGES       = {335-41},
    YEAR        = {1949}
    )

@book{westfallAndYoung93,
  title={Resampling-based multiple testing: Examples and methods for p-value
adjustment},
  author={Westfall, Peter H and Young, S Stanley},
  volume={279},
  year={1993},
  publisher={John Wiley \& Sons}
}

@article{feise02,
  title={Do multiple outcome measures require p-value adjustment?},
  author={Feise, Ronald J},
  journal={BMC medical research methodology},
  volume={2},
  number={1},
  pages={8},
  year={2002},
  publisher={BioMed Central}
}

@article{rothman90,
  title={No adjustments are needed for multiple comparisons.},
  author={Rothman, Kenneth J},
  journal={Epidemiology},
  volume={1},
  number={1},
  pages={43--46},
  year={1990},
  publisher={LWW}
}

@article{sullivanAndFeinn12,
  title={Using effect size—or why the P value is not enough},
  author={Sullivan, Gail M and Feinn, Richard},
  journal={Journal of graduate medical education},
  volume={4},
  number={3},
  pages={279--282},
  year={2012},
  publisher={The Accreditation Council for Graduate Medical Education Suite
2000, 515 North State Street, Chicago, IL 60654}
}

@article{nakagawaAndCuthill07,
  title={Effect size, confidence interval and statistical significance: a
practical guide for biologists},
  author={Nakagawa, Shinichi and Cuthill, Innes C},
  journal={Biological reviews},
  volume={82},
  number={4},
  pages={591--605},
  year={2007},
  publisher={Wiley Online Library}
}

@article{greenlandEtAl16,
  title={Statistical tests, P values, confidence intervals, and power: a guide
to misinterpretations},
  author={Greenland, Sander and Senn, Stephen J and Rothman, Kenneth J and
Carlin, John B and Poole, Charles and Goodman, Steven N and Altman, Douglas
G},
  journal={European journal of epidemiology},
  volume={31},
  number={4},
  pages={337--350},
  year={2016},
  publisher={Springer}
}

@misc{randWilcoxFunctions,
  title={Statistical functions},
  author={Rand Wilcox},
  year={2017},
  url={http://dornsife.usc.edu/labs/rwilcox/software/}
}

@article{hoerlAndKennard70,
  title={Ridge regression: Biased estimation for nonorthogonal problems},
  author={Hoerl, Arthur E and Kennard, Robert W},
  journal={Technometrics},
  volume={12},
  number={1},
  pages={55--67},
  year={1970},
  publisher={Taylor \& Francis Group}
}

@book{mcLachlanAndKrishnan08,
  title={The EM algorithm and extensions},
  author={McLachlan, Geoffrey J and Krishnan, Thriyambakam},
  year={2008},
  edition={2nd},
  publisher={John Wiley \& Sons}
}
