/nfs/ghome/live/rapela/dev/research/bibFiles/communications.bib