@BOOK(bellman61,
       AUTHOR       = {R.E. Bellman},
       TITLE        = {Adaptive control processes},
       PUBLISHER    = {Princeton University Press},
       ADDRESS      = {Princeton, NJ},
       YEAR         = {1961}
       )

@BOOK(starkAndWoods94,
       AUTHOR       = {R.E. Bellman},
       TITLE        = {Adaptive control processes},
       PUBLISHER    = {Princeton University Press},
       ADDRESS      = {Princeton, NJ},
       YEAR         = {1961}
       )

@BOOK(principeEtAl00,
       AUTHOR       = {J.C. Principe and J.W. {Fisher III} and D. Xu},
       TITLE        = {Information theoretic learning},
       PUBLISHER    = {Wiley},
       ADDRESS      = {New York, NY},
       EDITOR       = {Simon Haykin},
       YEAR         = {2000}
       )

@BOOK(bertsekas99,
       AUTHOR       = {D.P. Bertsekas},
       TITLE        = {Nonlinear programming},
       PUBLISHER    = {Athena Scientific},
       ADDRESS      = {Nashua, NH},
       EDITION      = {2nd},
       YEAR         = {1999}
       )

@INCOLLECTION(scharf91,
    AUTHOR       = {L.L. Scharf}, 
    TITLE        = {The \uppercase{SVD} and reduced-rank signal processing},
    BOOKTITLE    = {\uppercase{SVD} and signal processing, \uppercase{II}: algorithms, analysis and applications},
    PUBLISHER    = {Elsevier},
    ADDRESS      = {New York, NY},
    PAGES        = {3-31},
    EDITOR       = {R.J. Vaccaro},
    YEAR         = {1991}
    )

@INCOLLECTION(sunAndCheng06,
    AUTHOR       = {X. Sun and Q. Cheng}, 
    TITLE        = {On Subspace Distance},
    BOOKTITLE    = {Image analysi and recognition},
    PUBLISHER    = {Springer},
    ADDRESS      = {Berlin, Heidelberg},
    SERIES       = {Lecture notes in computer science},
    VOLUME       = {4142},
    PAGES        = {81-89},
    YEAR         = {2006}
    )

@BOOK(hertzEtAl91,
    AUTHOR       = {J.A. Hertz and R.G. Palmer and A.S. Krogh},
    TITLE        = {Introduction to the theory of neural computation},
    PUBLISHER    = {Addison-Wesley},
    ADDRESS      = {Redwood City, CA},
    YEAR         = {1991}
    )

@BOOK(nocedalAndWright06,
    AUTHOR       = {J. Nocedal and S.J. Wright},
    TITLE        = {Numerical optimization},
    PUBLISHER    = {Springer},
    ADDRESS      = {New York, NY},
    YEAR         = {2006}
    )

@BOOK(fletcher00,
    AUTHOR       = {R. Fletcher},
    TITLE        = {Practical methods of optimization},
    PUBLISHER    = {Wiley},
    ADDRESS      = {New York, NY},
    YEAR         = {2000}
    )

@BOOK(ben-isreaelAndGreville80,
    AUTHOR       = {A. Ben-Israel and T.N.E. Greville},
    TITLE        = {Generalized inverses: Theory and applications},
    PUBLISHER    = {Krieger},
    ADDRESS      = {Huntington, NY},
    YEAR         = {1980}
    )

@ARTICLE(gemanEtAl92,
    AUTHOR      = {Geman, Stuart and Bienenstock, Elie and Doursat, Ren{\'e}},
    TITLE       = {Neural networks and the bias/variance dilemma},
    JOURNAL     = {Neural Computation},
    VOLUME      = {4},
    PAGES       = {1-58},
    YEAR        = {1992}
    )

@ARTICLE(wangEtAl05,
    AUTHOR      = {L. Wang and X. Wang and J. Feng},
    TITLE       = {Intrapersonal subspace analysis with application to adaptive bayesian face recognition},
    JOURNAL     = {Pattern recognition},
    VOLUME      = {38},
    PAGES       = {617-621},
    YEAR        = {2005}
    )

@ARTICLE(wangEtAl06,
    AUTHOR      = {L. Wang and X. Wang and J. Feng},
    TITLE       = {Subspace distance with application to adaptive Bayesian algorithm for face recognition},
    JOURNAL     = {Pattern recognition},
    VOLUME      = {39},
    PAGES       = {456-64},
    YEAR        = {2006}
    )

@PHDTHESIS(hamm08,
    AUTHOR      = {J. Hamm},
    TITLE       = {Subspace-based learning with \uppercase{G}rassman kernels},
    SCHOOL      = {University of Pennsylvania},
    NOTE        = {\url{http://http://repository.upenn.edu/dissertations/AAI3328568//}},
    YEAR        = {2008}
    )

@ARTICLE(hansen87,
    AUTHOR      = {P.C. Hansen},
    TITLE       = {The truncated \uppercase{SVD} as a method for regularization},
    JOURNAL     = {BIT},
    VOLUME      = {27},
    NUMBER      = {4},
    PAGES       = {534-553},
    YEAR        = {1987}
    )

@BOOK(mendel95,
       AUTHOR       = {J.M. Mendel},
       TITLE        = {Lessons in estimation theory for signal processing,
       communications, and control},
       PUBLISHER    = {Prentice Hall PTR},
       ADDRESS      = {Upper Saddle River, NJ},
       YEAR         = {1995}
       )

@BOOK(ljung98,
       AUTHOR       = {L. Ljung},
       TITLE        = {System identification: theory for the user},
       PUBLISHER    = {Prentice-Hall Inc.},
       ADDRESS      = {Englewood Cliffs, NJ},
       EDITION      = {2nd},
       YEAR         = {1998}
       )

@BOOK(soderstrom89,
       AUTHOR       = {T. Soderstrom},
       TITLE        = {System identification},
       PUBLISHER    = {Prentice-Hall Inc.},
       ADDRESS      = {Englewood Cliffs, NJ},
       YEAR         = {1989}
       )

@BOOK(pintelonAndSchoukens01,
       AUTHOR       = {R. Pintelon and J. Schoukens},
       TITLE        = {System identification: a frequency domain approach},
       PUBLISHER    = {IEEE Press},
       ADDRESS      = {Piscataway, NJ},
       YEAR         = {2001}
       )

@BOOK(nelles01,
       AUTHOR       = {O. Nelles},
       TITLE        = {Nonlinear system identification: from classical approaches to neural networks and fuzzy models},
       PUBLISHER    = {Springer-Verlag},
       ADDRESS      = {Berlin},
       YEAR         = {2001}
       )

@ARTICLE(sturges26,
    AUTHOR      = {H. Sturges},
    TITLE       = {The choice of a class-interval},
    JOURNAL     = {Journal of the American Statistical Association},
    VOLUME      = {21},
    PAGES       = {65-66},
    YEAR        = {1926}
    )

@BOOK(dahlquistAndBjorck03,
       AUTHOR       = {G. Dahlquist and A. B\"{jo}rck},
       TITLE        = {Numerical methods},
       PUBLISHER    = {Dover Publications, Inc.},
       ADDRESS      = {Mineola, NY},
       YEAR         = {2003}
       )

@BOOK(starksAndWoods94,
       AUTHOR       = {H. Starks and J.W. Woods},
       TITLE        = {Probablity, random processes, and estimaton theory for engineers},
       PUBLISHER    = {Prentice-Hall Inc.},
       ADDRESS      = {Englewood Cliffs, NJ},
       YEAR         = {1994}
       )

@ARTICLE(lainscsekAndSejnowski15,
    AUTHOR      = {Lainscsek, C. and Sejnowski, T.J.},
    TITLE       = {Delay differential analysis of time series},
    JOURNAL     = {Neural Computation},
    VOLUME      = {27},
    NUMBER      = {3},
    PAGES       = {594-614},
    YEAR        = {2015}
    )

@ARTICLE(lainscsekAndSejnowski13,
    AUTHOR      = {Lainscsek, C. and Sejnowski, T.J.},
    TITLE       = {Electrocardiogram classificiation using delay differential equations},
    JOURNAL     = {Chaos},
    VOLUME      = {23},
    NUMBER      = {2},
    PAGES       = {023132},
    YEAR        = {2013}
    )

@ARTICLE(lainscsekEtAl15,
    AUTHOR      = {Lainscsek, C. and Hernandez, M.E. and Poizner, H. and Sejnowski, T.J.},
    TITLE       = {Delay differential analysis of electroencephalographic data},
    JOURNAL     = {Neural Computation},
    VOLUME      = {27},
    NUMBER      = {3},
    PAGES       = {615-27},
    YEAR        = {2015}
    )

@ARTICLE(lainscsekEtAl13b,
    AUTHOR      = {Lainscsek, C. and Weyhenmeyer, J. and Hernandez, M.E. and Poizner, H. and Sejnowski, T.J.},
    TITLE       = {Non-linear dynamical classification of short time series of
    the R{\"o}ssler system in high noise regimes},
    JOURNAL     = {Frontiers in Neurology},
    VOLUME      = {4},
    YEAR        = {2013},
    PUBLISHER   = {Frontiers Media SA}
    )

@ARTICLE(lainscsekEtAl13a,
    AUTHOR      = {Lainscsek, C. and Hernandez M.E. and Weyhenmeyer J. and Sejnowski T.J. and Poizner, H.},
    TITLE       = {Non-linear dynamical analysis of {EEG} time series distinguishes patients with Parkinson's disease from healthy individuals},
    JOURNAL     = {Frontiers in Neurlogy},
    VOLUME      = {4},
    YEAR        = {2013},
    PUBLISHER   = {Frontiers Media SA}
    )

@ARTICLE(lainscsekEtAl12,
    AUTHOR      = {Lainscsek, C. and Rowat, P. and Schettino, L. and Lee, D. and Song, D. and Letellier, C. and Poizner, H.},
    TITLE       = {Finger tapping movements of Parkinsonâ€™s disease patients
    automatically rated using nonlinear delay differential equations},
    JOURNAL     = {Chaos: An Interdisciplinary Journal of Nonlinear Science},
    VOLUME      = {22},
    NUMBER      = {1},
    PAGES       = {013119},
    YEAR        = {2012},
    PUBLISHER   = {AIP Publishing}
    )

@article{bellAndSejnowski95,
  title={An information-maximization approach to blind separation and blind
deconvolution},
  author={Bell, Anthony J and Sejnowski, Terrence J},
  journal={Neural computation},
  volume={7},
  number={6},
  pages={1129--1159},
  year={1995},
  publisher={MIT Press}
}

@book{porat97,
    title={A course in digital signal processing},
    author={Porat, Boaz},
    year={1997},
    publisher={John Wiley \& Sons, Inc.}
}

@book{poularikasAndSeely94,
  title={Signals and Systems},
  author={Poularikas, A.D. and Seely, S.},
  isbn={9780894648755},
  lccn={93048738},
  series={PWS-KENT series in electrical engineering},
  url={https://books.google.co.uk/books?id=oRBLAQAAIAAJ},
  year={1994},
  publisher={Krieger Publishing Company}
}
